<record><leader>00000cas a22000007a 4500</leader><controlfield tag="001">27040919</controlfield><controlfield tag="008">921130d19181924scuwr ne      0    0eng d</controlfield><datafield ind1=" " ind2=" " tag="010"><subfield code="a">sn 92065693 </subfield></datafield><datafield ind1=" " ind2=" " tag="040"><subfield code="a">SVN</subfield><subfield code="b">eng</subfield><subfield code="c">SVN</subfield><subfield code="d">OCLCQ</subfield><subfield code="d">SHM</subfield><subfield code="d">OCLCO</subfield><subfield code="d">OCLCF</subfield></datafield><datafield ind1="1" ind2=" " tag="029"><subfield code="a">AU@</subfield><subfield code="b">000020718200</subfield></datafield><datafield ind1=" " ind2=" " tag="042"><subfield code="a">msc</subfield></datafield><datafield ind1="0" ind2=" " tag="130"><subfield code="a">Andrews news (Andrews, S.C. : 1918)</subfield></datafield><datafield ind1="1" ind2="4" tag="245"><subfield code="a">The Andrews news.</subfield></datafield><datafield ind1=" " ind2=" " tag="260"><subfield code="a">Andrews, S.C. :</subfield><subfield code="b">E.N. Beard</subfield></datafield><datafield ind1=" " ind2=" " tag="300"><subfield code="a">v.</subfield></datafield><datafield ind1=" " ind2=" " tag="310"><subfield code="a">Weekly</subfield></datafield><datafield ind1="0" ind2=" " tag="362"><subfield code="a">Vol. 1, no. 1 (Jan. 31, 1918)-</subfield></datafield><datafield ind1="1" ind2=" " tag="362"><subfield code="a">Ceased in 1924?</subfield><subfield code="z">Moore, South Carolina newspapers.</subfield></datafield><datafield ind1=" " ind2="4" tag="651"><subfield code="a">Georgetown County (S.C.)</subfield><subfield code="v">Newspapers.</subfield></datafield><datafield ind1=" " ind2="0" tag="650"><subfield code="a">Microfilms.</subfield></datafield><datafield ind1=" " ind2="0" tag="651"><subfield code="a">Georgetown County (S.C.)</subfield><subfield code="v">Newspapers.</subfield></datafield><datafield ind1=" " ind2="0" tag="651"><subfield code="a">South Carolina</subfield><subfield code="v">Newspapers.</subfield></datafield><datafield ind1=" " ind2="7" tag="655"><subfield code="a">Newspapers.</subfield><subfield code="2">fast</subfield><subfield code="0">(OCoLC)fst01423814</subfield></datafield><datafield ind1=" " ind2="7" tag="650"><subfield code="a">Microfilms.</subfield><subfield code="2">fast</subfield><subfield code="0">(OCoLC)fst01019831</subfield></datafield><datafield ind1=" " ind2="7" tag="651"><subfield code="a">South Carolina.</subfield><subfield code="2">fast</subfield><subfield code="0">(OCoLC)fst01204600</subfield></datafield><datafield ind1=" " ind2="7" tag="651"><subfield code="a">South Carolina</subfield><subfield code="z">Georgetown County.</subfield><subfield code="2">fast</subfield><subfield code="0">(OCoLC)fst01206896</subfield></datafield><datafield ind1=" " ind2=" " tag="752"><subfield code="a">United States</subfield><subfield code="b">South Carolina</subfield><subfield code="c">Georgetown</subfield><subfield code="d">Andrews.</subfield></datafield></record>